
@book{mos1,
	address = {Norristown, PA},
	edition = {Second Edition},
	title = {{KIM}-1 {Microcomputer} {Module} {User} {Manual}},
	publisher = {MOS Technology},
	month = aug,
	year = {1976},
}

@book{mos2,
	address = {Norristown, PA},
	edition = {Second Edition},
	title = {{MCS6500} {Microcomputer} {Family} {Programming} {Manual}},
	publisher = {MOS Technology},
	month = jan,
	year = {1976},
}

@incollection{mos2_1,
	address = {Norristown, PA},
	edition = {Second Ed.},
	title = {Reset and {Interrupt} {Considerations}},
	booktitle = {{MCS6500} {Microcomputer} {Family} {Programming} {Manual}},
	publisher = {MOS Technology},
	year = {1976},
	pages = {124--146},
}

@incollection{mos1_1,
	address = {Norristown, PA},
	edition = {Second Ed.},
	title = {Expanding {Your} {System}},
	booktitle = {{KIM}-1 {Microcomputer} {Module} {User} {Manual}},
	publisher = {MOS Technology},
	year = {1976},
	pages = {71--78},
}

@book{leventhal1,
	address = {Berkeley, CA},
	title = {6502 {Assembly} {Language} {Programming}},
	publisher = {OSBORNE McGraw-Hill},
	author = {Leventhal, Lance A.},
	year = {1979},
}

@booklet{ti1,
	title = {{SN76489AN}},
	publisher = {TEXAS INSTRUMENTS},
	author = {The Engineering Staff of TEXAS INSTRUMENTS Semiconductor Group},
	year = {N.D.},
}

@booklet{ganning1,
	title = {{PAL}-1 {Microcomputer} {User} {Manual}},
	url = {http://pal.aibs.ws/assets/PAL_en.pdf},
	urldate = {2022-07-21},
	author = {Ganning, Liu},
	month = nov,
	year = {2020},
}

@article{ciarcia1,
	title = {Add {Programmable} {Sound} {Effects} to {Your} {Computer}},
	volume = {7},
	number = {7},
	journal = {Byte},
	author = {Ciarcia, Steve},
	month = jul,
	year = {1982},
	pages = {60--72},
}
